@ARTICLE {acopa,
    author  = "Delon, J. and Desolneux, A.  and Lisani, J. L. and Petro, A. B.",
    title   = "Automatic Color Palette",
    journal = "Inverse Problems and  Imaging",
    year    = "2007",
    volume  = "1",
    number  = "2",
    pages   = "265–287"
}

@CONFERENCE {colorthemes,
    author    = "Lin, S. and Hanrahan, P.",
    title     = "Modeling How People Extract Color Themes from Images",
    booktitle = "CHI Conference on Human Factors",
    year      = "2013"
}

@CONFERENCE {colorcomp,
    author    = "O’Donovan, Peter and Agarwala, Aseem and Hertzmann, Aaron",
    title     = "Color Compatibility From Large Datasets",
    booktitle = "ACM SIGGRAPH Conference",
    year      = "2011",
    pages     = "63:1–63:12"
}

@TECHREPORT {documentpalette,
    author      = "Obrador, Pere",
    title       = "Automatic color scheme picker for document templates based on image analysis and  dual problem",
    institution = "Hewlett-Packard Laboratories",
    year        = "2006",
    address     = "Palo Alto, CA, USA"
}

@TECHREPORT {readability,
    author      = "Zuffi, Silvia and Beretta, Giordano and Brambilla, Carla",
    title       = "A color selection tool for the readability of textual information on Web pages",
    institution = "Hewlett-Packard Laboratories",
    year        = "2005",
    address     = "Palo Alto, CA, USA"
}

@ARTICLE {categorization,
    author  = "Kanjanawanishkula, K. and Uyyanonvarab, B.",
    title   = "Novel fast color reduction algorithm for time-constrained applications",
    journal = "Journal of Visual Communication and  Image Representation",
    year    = "2005",
    volume  = "16",
    pages   = "311–332"
}

@MISC {categorization2,
    author       = "Periasamy, P. S.",
    title        = "A probabilistic adaptive color reduction algorithm for single multiple images with and  without transparency",
    howpublished = "Anna University, Faculty of Information and  Communication Engineering",
    year         = "2013"
}

@ARTICLE {mediancut,
    author  = "Heckbert, P.",
    title   = "Color image quantization for frame buffer displays",
    journal = "Comp. Graph",
    year    = "1982",
    volume  = "16",
    pages   = "297–307"
}

@ARTICLE {octree,
    author  = "Gervautz, M. and Purgathofer, W.",
    title   = "A Simple Method for Color Quantization: Octree Quantization",
    journal = "Graphic Gems. Academic Press",
    year    = "1990",
    pages   = "287–293"
}

@ARTICLE {variance,
    author  = "Wan, S. J. and Prusinkiewicz, P. and Wong, S. K. M.",
    title   = "Variance-based color image quantization for frame buffer display",
    journal = "Color Res. Appl.",
    year    = "1990",
    volume  = "15",
    pages   = "52–58"
}

@INPROCEEDINGS {kmeans,
    author    = "MacQueen, J.",
    title     = "Some methods for classification and  analysis of multivariate observations",
    booktitle = "Proceedings of the fifth Berkeley symposium on mathematical statistics and  probability",
    year      = "1967",
    volume    = "1",
    series    = "14",
    address   = "California, USA"
}

@INPROCEEDINGS {kmeanshsi,
    author    = "Weks, Arthur R. and Hague, G. Eric",
    title     = "Color Segmentation in the HSI Color Space Using the K-means Algorithm",
    booktitle = "Proceedings of SPIE",
    year      = "1997",
    volume    = "3026"
}

@MISC {fuccycmeans,
    author       = "Bezdek, J.",
    title        = "Pattern recognition with fuzzy objective function algorithms",
    howpublished = "Kluwer Academic Publishers",
    year         = "1981"
}

@INPROCEEDINGS {kmeans++,
    author    = "Arthur, D. and Vassilvitskii, S.",
    title     = "k-means++: The advantages of careful seeding",
    booktitle = "Proceedings of the eighteenth annual ACM-SIAM symposium on Discrete algorithms",
    year      = "2007",
    pages     = "1027–1035"
}

@ARTICLE {meanshift,
    author  = "Comaniciu, D. and Meer, P.",
    title   = "Mean shift: A robust approach toward feature space analysis",
    journal = "IEEE Transactions on Pattern Analysis and  Machine Intelligence",
    year    = "2002",
    volume  = "5",
    number  = "24",
    pages   = "603–619"
}

@ONLINE {google,
    author = {{Google}},
    title  = "Material Design Style - Colors",
    year   = "2016",
    url    = "https://material.io/guidelines/style/color.html"
}

@ONLINE {htwk,
    author = {{Hochschule für Wirtschaft, Technik, Wirtschaft und Kultur Leipzig}},
    title  = "Corporate Design Handbuch - Basiselemente - FARBEN",
    year   = "2016",
    url    = "http://marketing.htwk-leipzig.de/de/corporate-design/handbuch/basiselemente/farben/"
}

@ONLINE {ios,
    author = {{Apple}},
    title  = "iOS Human Interface Guidlines - Color",
    year   = "2016",
    url    = "https://developer.apple.com/ios/human-interface-guidelines/visual-design/color/"
}

@BOOK {colorimage,
    author    = "Plataniotis, K. N. and Venetsanopoulus, A. N.",
    title     = "Color Image Processing and  Applications",
    publisher = "Springer Monograph",
    year      = "2000"
}

@ARTICLE {ftc,
    author  = "Delon, J. and Desolneux, A. and Lisani, J. L. and Petro, A. B.",
    title   = "A Nonparametric Approach for Histogram Segmentation",
ournal = "IEEE Transactions On Image Processing",
    year    = "2007",
    volume  = "16",
    number  = "1",
    pages   = "253-261"
}

@ONLINE {css3-color,
	author = {{W3C}},
	title  = "CSS Color Module Level 3",
	month  = "jun",
	year   = "2011",
	url    = "https://www.w3.org/TR/css3-color/"
}

@ONLINE {css3-selectors,
	author = {{W3C}},
	title  = "CSS Selectors Level 3",
	month  = "sep",
	year   = "2011",
	url    = "https://www.w3.org/TR/2011/REC-css3-selectors-20110929/"
}


@ARTICLE {webpage,
	author  = "Gu, Zhenyu and Lou, Jian",
	title   = "Data driven webpage color design",
	journal = "Computer-Aided Design",
	year    = "2016",
	volume  = "77",
	pages   = "46-59",
	month   = "aug"
}

@INPROCEEDINGS {webzeitgeist,
    author    = "Kumar, Ranjitha and Satyanarayan, Arvind and Torres, Cesar and Lim,  Maxine and Ahmad, Salman and Klemmer, Scott R. and Talton, Jerry O.",
    title     = "Webzeitgeist: Design Mining the Web",
    booktitle = "ACM Human Factors in Computing Systems (CHI)",
    year      = "2013"
}

@ARTICLE {patterns,
	author  = "Lin, Sharon and Ritchie, Daniel and Fisher, Matthew and Hanrahan, Pat",
	title   = "Probabilistic Color-by-Numbers: Suggesting Pattern Colorizations Using Factor Graphs",
	journal = "ACM Transactions on Graphics",
	year    = "2013",
	volume  = "32",
	number  = "4",
	month   = "jul"
}

@BOOK {webdesign,
 	author    = "Hahn, Martin",
 	title     = "Webdesign. Das Handbuch zur Webgestaltung.",
 	publisher = "Galileo Press",
 	year      = "2015",
 	edition   = "first"
 }

@BOOK {itten,
	author    = "Itten, J.",
	title     = "The Elements Of Color",
	publisher = "Van Nostrand Reinhold Company",
	year      = "1970"
}

@BOOK {munsell,
	author    = "Munsell, Albert H. and Birren, F.",
	title     = "A grammar of color: a basic treatise on the color system of Albert H. Munsell.",
	publisher = "Van Nostrand Reinhold Company",
	year      = "1969"
}

@inproceedings{patterns, 
	author = {Lin, Sharon and Ritchie, Daniel and Fisher, Matthew and  Hanrahan, Pat}, 
	title = {Probabilistic Color-by-Numbers: Suggesting Pattern Colorizations Using Factor Graphs}, 
	booktitle = {ACM SIGGRAPH 2013 papers}, 
	series = {SIGGRAPH '13}, 
	year = {2013}
}

@INPROCEEDINGS {magazines,
	author    = "Jahanian, Ali and Liu, Jerry and Lin, Qian and Tretter, Daniel R. and O'Brien-Strain, Eamonn and Lee, Seungyon and Lyons, Nic and Allebach, Jan P.",
	title     = "Automatic design of colors for magazine covers",
	booktitle = "SPIE Proceedings. Imaging and  Printing in a Web 2.0 World IV.",
	year      = "2013",
	volume    = "8664"
}

@STANDARD {wcag,
	title       = {{Web Content Accessibility Guidelines (WCAG) 2.0}},
	institution = "W3C",
	url         = "https://www.w3.org/TR/WCAG/#visual-audio-contrast"
}

@ONLINE {wcag-contrast,
    author = {{W3C}},
    title  = "WCAG Contrast Ratio",
    year   = "2008",
    url    = "https://www.w3.org/TR/2008/REC-WCAG20-20081211/Overview.html#contrast-ratiodef"
}

@ONLINE {wcag-rel-luminance,
    author = {{W3C}},
    title  = "WCAG Relative Luminance",
    year   = "2008",
    url    = "https://www.w3.org/TR/2008/REC-WCAG20-20081211/relative-luminance.xml"
}

@BOOK {constraint-programmierung,
	author    = "Hofstedt, Petra and Wolf, Armin",
	title     = "Einführung in die Constraint Programmierung",
	publisher = "Springer eXamen.press",
	year      = "2007"
}

@BOOK {webx0,
	author    = "Stapelkamp, Torsten",
	title     = "Web X.0. Erfolgreiches Webdesign und professionelle Webkonzepte.",
	publisher = "Springer X.media.press",
	year      = "2010"
}

@ONLINE {visual-hierarchy,
    author = "Bigman, Alex",
    title  = "6 principles of visual hierarchy for designers",
    year   = "2014",
    url    = "https://en.99designs.de/blog/tips/6-principles-of-visual-hierarchy/"
}

@ONLINE {smashing,
    author = "Elizabeth, Laura",
    title  = "A Simple Web Developer’s Guide To Color",
    month  = "apr",
    year   = "2016",
    url    = "https://www.smashingmagazine.com/2016/04/web-developer-guide-color/"
}

@ONLINE {awwwards,
    author = "Schenker, Marc",
    title  = "Designing With Color Contrast for Improved Usability",
    month  = "apr",
    year   = "2016",
    url    = "https://www.awwwards.com/designing-with-color-contrast-for-improved-usability.html"
}

@ONLINE {underestimated,
    author = "Babich, Nick",
    title  = "https://www.smashingmagazine.com/2017/01/underestimated-power-color-mobile-app-design/",
    month  = "jan",
    year   = "2017",
    url    = "https://www.smashingmagazine.com/2017/01/underestimated-power-color-mobile-app-design/"
}

@inproceedings{image-based-schemes, 
	author  = "Morse, Bryan S. and Thornton, Daniel and Xia,  Qing and Uibel, John",
	title   = "Image-Based Color Schemes",
	booktitle = {IEEE International Conference on Image Processing (ICIP)}, 
	volume = {3}, 
	pages   = "497–500",
	year = {2007}
}